@phdthesis{phdthesis,
  author={Joe Armstrong},
  title={Making reliable distributed systems in the presence of software errors},
  school={The Royal Institute of Technology, Stockholm, Sweden},
  year={2003}
}

@book{book_joe,
  title={{Programming Erlang (2nd edition)}},
  author={Armstrong, J.},
  url={https://pragprog.com/book/jaerlang2/programming-erlang},
  year={2013},
  publisher={Pragmatic Bookshelf}
}

@book{book_fred,
  title={{Learn You Some Erlang for Great Good!}},
  author={Hebert, F.},
  url={https://nostarch.com/erlang},
  year={2013},
  publisher={No Starch Press}
}

@book{book_concurrent,
  title={{Concurrent Programming in Erlang}},
  author={J. Armstrong, R. Virding, C. Wikstr√∂m, M. Williams},
  year={1996},
  publisher={Prentice Hall}
}

@misc{sajt,
  title = {{Erlang}},
  note = {on-line at: \url{http://www.erlang.org/}},
  author = {OTP team}
}

@misc{NitrogenDocumentation,
  title = {{Nitrogen framework documentation}},
  note = {on-line at: \url{http://nitrogenproject.com/doc/index.htmll}}
}

@misc{ChicagoBossDocumentation,
  title = {{ChicagoBoss framework documentation}},
  note = {on-line at: \url{http://chicagoboss.org/doc/api-db.html}}
}

@misc{ZotonicDocumentation,
  title = {{Zotonic framework documentation}},
  note = {on-line at: \url{http://docs.zotonic.com/en/latest/index.html}}
}

@misc{EvanMillerTesting,
  title = {{Functional Tests As A Tree Of Continuations}},
  note = {on-line at: \url{https://www.evanmiller.org/functional-tests-as-a-tree-of-continuations.html}}
}

@misc{DjangoTempDoc,
  title = {{Django Templates Documentation}},
  note = {on-line at: \url{https://docs.djangoproject.com/fr/2.1/topics/templates/}}
}


